<record><leader>00000cas a22000007a 4500</leader><controlfield tag="001">24222914</controlfield><controlfield tag="008">910812d189u1896ncuwr ne      0    0eng d</controlfield><datafield ind1=" " ind2=" " tag="010"><subfield code="a">sn 91068111 </subfield></datafield><datafield ind1=" " ind2=" " tag="040"><subfield code="a">NVJ</subfield><subfield code="b">eng</subfield><subfield code="c">NVJ</subfield><subfield code="d">OCLCQ</subfield><subfield code="d">DLC</subfield></datafield><datafield ind1=" " ind2=" " tag="042"><subfield code="a">msc</subfield></datafield><datafield ind1="0" ind2="4" tag="245"><subfield code="a">The Brevard hustler.</subfield></datafield><datafield ind1=" " ind2=" " tag="260"><subfield code="a">Brevard, Transylvania Co., N.C. :</subfield><subfield code="b">Shipman &amp; Allison</subfield></datafield><datafield ind1=" " ind2=" " tag="300"><subfield code="a">v.</subfield></datafield><datafield ind1=" " ind2=" " tag="310"><subfield code="a">Weekly</subfield></datafield><datafield ind1="1" ind2=" " tag="362"><subfield code="a">Ceased in 1896.</subfield></datafield><datafield ind1=" " ind2=" " tag="588"><subfield code="a">Description based on: Vol. 5, no. 28 (Apr. 30, 1896).</subfield></datafield><datafield ind1=" " ind2=" " tag="752"><subfield code="a">United States</subfield><subfield code="b">North Carolina</subfield><subfield code="c">Transylvania</subfield><subfield code="d">Brevard.</subfield></datafield><datafield ind1="0" ind2="0" tag="780"><subfield code="t">Transylvania hustler</subfield><subfield code="w">(DLC)sn 91068110</subfield></datafield><datafield ind1="0" ind2="0" tag="785"><subfield code="t">French Broad hustler (Hendersonville, N.C. : 1896)</subfield><subfield code="x">2375-902X</subfield><subfield code="w">(DLC)sn 91068158</subfield><subfield code="w">(OCoLC)24487472</subfield></datafield><datafield ind1="1" ind2=" " tag="029"><subfield code="a">AU@</subfield><subfield code="b">000025859901</subfield></datafield></record>